 @misc{threat_modeling, 
     title={Threat modeling}, 
     url={https://learn.microsoft.com/en-us/previous-versions/msp-n-p/ff648644(v=pandp.10)?redirectedfrom=MSDN}, 
     journal={Threat Modeling | Microsoft Learn}, 
     publisher={Microsoft Corporation}, 
     author={Meier, J.D. and Mackman, Alex and Dunner, Michael and Vasireddy, Srinath and Escamilla, Ray and Murukan, Anandha}, 
     year={2003}, 
     month={Jun}
 } 

 @techreport{shevchenko2018threat,
  title={Threat modeling: a summary of available methods},
  author={Shevchenko, Nataliya and Chick, Timothy A and O'Riordan, Paige and Scanlon, Thomas P and Woody, Carol},
  year={2018},
  institution={Carnegie Mellon University Software Engineering Institute Pittsburgh United States}
}

@INPROCEEDINGS{stride,
  author={Khan, Rafiullah and McLaughlin, Kieran and Laverty, David and Sezer, Sakir},
  booktitle={2017 IEEE PES Innovative Smart Grid Technologies Conference Europe (ISGT-Europe)}, 
  title={STRIDE-based threat modeling for cyber-physical systems}, 
  year={2017},
  volume={},
  number={},
  pages={1-6},
  doi={10.1109/ISGTEurope.2017.8260283}}

@article{ip_spoofing,
  title={IP spoofing},
  author={Ali, Farha},
  journal={The Internet Protocol Journal},
  volume={10},
  number={4},
  pages={1--9},
  year={2007},
  publisher={Citeseer}
}  

@INPROCEEDINGS{crsf,
  author={Siddiqui, Mohd. Shadab and Verma, Deepanker},
  booktitle={2011 IEEE 3rd International Conference on Communication Software and Networks}, 
  title={Cross site request forgery: A common web application weakness}, 
  year={2011},
  volume={},
  number={},
  pages={538-543},
  doi={10.1109/ICCSN.2011.6014783}}